<?xml version="1.0" encoding="UTF-8"?>
<collection xmlns:xsi="http://www.w3.org/2001/XMLSchema-instance" xsi:schemaLocation="http://www.loc.gov/MARC21/slim http://www.loc.gov/standards/marcxml/schema/MARC21slim.xsd" xmlns="http://www.loc.gov/MARC21/slim">
<record>
  <leader>00649cam a2200217   4500</leader>
  <controlfield tag="001">3170332</controlfield>
  <controlfield tag="003">NNC</controlfield>
  <controlfield tag="005">20151019143215.0</controlfield>
  <controlfield tag="008">890801s1898    ua            000 0 ara d</controlfield>
  <datafield tag="035" ind1=" " ind2=" ">
    <subfield code="a">(OCoLC)55475542</subfield>
  </datafield>
  <datafield tag="035" ind1=" " ind2=" ">
    <subfield code="a">(OCoLC)ocm55475542</subfield>
  </datafield>
  <datafield tag="035" ind1=" " ind2=" ">
    <subfield code="9">AUB1609CU</subfield>
  </datafield>
  <datafield tag="035" ind1=" " ind2=" ">
    <subfield code="a">(NNC)3170332</subfield>
  </datafield>
  <datafield tag="040" ind1=" " ind2=" ">
    <subfield code="a">CUS</subfield>
    <subfield code="c">CUS</subfield>
    <subfield code="d">ZCU</subfield>
  </datafield>
  <datafield tag="099" ind1=" " ind2=" ">
    <subfield code="a">893.7Ab91</subfield>
    <subfield code="a">I</subfield>
  </datafield>
  <datafield tag="100" ind1="0" ind2=" ">
    <subfield code="a">Abū Nuwās,</subfield>
    <subfield code="d">approximately 756-approximately 810.</subfield>
  </datafield>
  <datafield tag="245" ind1="1" ind2="0">
    <subfield code="a">Dīwān Abī Nuwās.</subfield>
    <subfield code="b">Mashrūḥan ...</subfield>
    <subfield code="c">bi-qalam Maḥmūd Wāṣif.</subfield>
  </datafield>
  <datafield tag="260" ind1=" " ind2=" ">
    <subfield code="a">Cairo,</subfield>
    <subfield code="b">al-Maṭbaʻah al-ʻumūmīyah,</subfield>
    <subfield code="c">1898.</subfield>
  </datafield>
  <datafield tag="300" ind1=" " ind2=" ">
    <subfield code="a">439 p.</subfield>
    <subfield code="c">25 cm.</subfield>
  </datafield>
  <datafield tag="700" ind1="0" ind2=" ">
    <subfield code="a">Maḥmūd Wāṣif.</subfield>
  </datafield>
  <datafield tag="955" ind1=" " ind2=" ">
    <subfield code="b">CU07811373</subfield>
    <subfield code="d">off,glx</subfield>
    <subfield code="e">893.7Ab91 I</subfield>
  </datafield>
</record>
</collection>